<?xml version="1.0" encoding="UTF-8" ?><marc:collection xmlns:marc="http://www.loc.gov/MARC21/slim" xmlns:xsi="http://www.w3.org/2001/XMLSchema-instance" xsi:schemaLocation="http://www.loc.gov/MARC21/slim http://www.loc.gov/standards/marcxml/schema/MARC21slim.xsd">
<marc:record><marc:leader>01598nam a2200289 a 4500</marc:leader>
<marc:controlfield tag="005">20141110141600.0</marc:controlfield>
<marc:controlfield tag="008">140516s2013    bl o          000 0 por d</marc:controlfield><marc:datafield tag="040" ind1=" " ind2=" "><marc:subfield code="a">USP/SIBI</marc:subfield></marc:datafield><marc:datafield tag="041" ind1="0" ind2=" "><marc:subfield code="a">por</marc:subfield></marc:datafield><marc:datafield tag="044" ind1=" " ind2=" "><marc:subfield code="a">bl</marc:subfield></marc:datafield><marc:datafield tag="092" ind1="0" ind2=" "><marc:subfield code="a">707.4</marc:subfield></marc:datafield><marc:datafield tag="092" ind1="0" ind2=" "><marc:subfield code="a">770.981</marc:subfield></marc:datafield><marc:datafield tag="100" ind1="1" ind2=" "><marc:subfield code="a">Guran, Milton</marc:subfield></marc:datafield><marc:datafield tag="245" ind1="1" ind2="0"><marc:subfield code="a">Filhos da terra</marc:subfield><marc:subfield code="b">fotografias de Milton Guran</marc:subfield><marc:subfield code="c">fotografia Milton Guran ; [produção Luz Tropical Cultura &amp; Produções ; versão en inglês Eric Lethbridge]</marc:subfield></marc:datafield><marc:datafield tag="260" ind1=" " ind2=" "><marc:subfield code="a">[Rio de Janeiro</marc:subfield><marc:subfield code="b">Luz Tropical Cultura &amp; Produções</marc:subfield><marc:subfield code="c">2013</marc:subfield></marc:datafield><marc:datafield tag="300" ind1=" " ind2=" "><marc:subfield code="a">75 p</marc:subfield><marc:subfield code="b">il. fots.</marc:subfield><marc:subfield code="c">23 cm</marc:subfield></marc:datafield><marc:datafield tag="500" ind1=" " ind2=" "><marc:subfield code="a">Catálogo da exposição realizada de 5 de dezembro de 2013 a 19 de janeiro de 2014, no Centro Cultural Correios do Rio de Janeiro</marc:subfield></marc:datafield><marc:datafield tag="505" ind1="0" ind2=" "><marc:subfield code="a">Resultado de um trabalho sistemático, realizado pelo antropólogo e fotógrafo Milton Guran, a partir do ano de 1978, o projeto &quot;Filhos da terra&quot; selecionou para a mostra de um conjunto de fotos de formatos diversos. Belíssimas fotos que configuram o cotidiano da vida nas aldeias indígenas Apurinã, Guarani-Mbyá, Jaminawa, Kaingang, Kamayurá, Kayapó, Kuikuro, Makuxi, Manchineri, Marubo, Matis, Pankararu, suyá, wokarangma (Arara do Rio Iriri), Xavante e Yanomami</marc:subfield></marc:datafield><marc:datafield tag="546" ind1=" " ind2=" "><marc:subfield code="a">Texto em português e inglês</marc:subfield></marc:datafield><marc:datafield tag="600" ind1="1" ind2="7"><marc:subfield code="a">Guran, Milton</marc:subfield><marc:subfield code="d">1948-</marc:subfield><marc:subfield code="2">larpcal</marc:subfield></marc:datafield><marc:datafield tag="650" ind1=" " ind2="7"><marc:subfield code="a">FOTOGRAFIA (EXPOSIÇÕES)</marc:subfield><marc:subfield code="z">BRASIL</marc:subfield><marc:subfield code="2">larpcal</marc:subfield></marc:datafield><marc:datafield tag="650" ind1=" " ind2="7"><marc:subfield code="a">ÍNDIOS</marc:subfield><marc:subfield code="z">BRASIL</marc:subfield><marc:subfield code="2">larpcal</marc:subfield></marc:datafield><marc:datafield tag="710" ind1="2" ind2=" "><marc:subfield code="a">Centro Cultural Correios (Rio de Janeiro)</marc:subfield></marc:datafield><marc:datafield tag="700" ind1="1" ind2=" "><marc:subfield code="a">Lethbridge, Eric</marc:subfield><marc:subfield code="4">trad</marc:subfield></marc:datafield><marc:datafield tag="700" ind1="1" ind2=" "><marc:subfield code="a">Guran, Milton</marc:subfield><marc:subfield code="4">fotog</marc:subfield></marc:datafield><marc:datafield tag="710" ind1="2" ind2=" "><marc:subfield code="a">Luz Tropical Cultura &amp; Produções</marc:subfield><marc:subfield code="4">prod</marc:subfield></marc:datafield><marc:datafield tag="945" ind1=" " ind2=" "><marc:subfield code="a">L</marc:subfield><marc:subfield code="b">CATALOGO DE EXPOSICAO</marc:subfield><marc:subfield code="c">52</marc:subfield></marc:datafield></marc:record>
</marc:collection>
